<record><leader>00000cas a2200000 i 4500</leader><controlfield tag="001">949371843</controlfield><controlfield tag="006">m     o  d        </controlfield><controlfield tag="007">cr |||||||||||</controlfield><controlfield tag="008">160511d18621899oruwr neo     0   a0eng  </controlfield><datafield ind1=" " ind2=" " tag="010"><subfield code="a">  2016271081</subfield></datafield><datafield ind1=" " ind2=" " tag="040"><subfield code="a">DLC</subfield><subfield code="b">eng</subfield><subfield code="e">rda</subfield><subfield code="c">DLC</subfield><subfield code="d">DLC</subfield></datafield><datafield ind1="0" ind2=" " tag="022"><subfield code="a">2472-4424</subfield><subfield code="2">1</subfield></datafield><datafield ind1=" " ind2=" " tag="042"><subfield code="a">pcc</subfield><subfield code="a">nsdp</subfield></datafield><datafield ind1=" " ind2=" " tag="043"><subfield code="a">n-us-or</subfield></datafield><datafield ind1="1" ind2="0" tag="050"><subfield code="a">ISSN RECORD</subfield></datafield><datafield ind1="1" ind2="0" tag="082"><subfield code="a">071</subfield><subfield code="2">23</subfield></datafield><datafield ind1=" " ind2="4" tag="222"><subfield code="a">The Corvallis gazette</subfield><subfield code="b">(Online)</subfield></datafield><datafield ind1="0" ind2="4" tag="245"><subfield code="a">The Corvallis gazette.</subfield></datafield><datafield ind1="1" ind2="3" tag="246"><subfield code="a">Weekly Corvallis gazette</subfield></datafield><datafield ind1="1" ind2="3" tag="246"><subfield code="a">Corvallis weekly gazette</subfield></datafield><datafield ind1=" " ind2="1" tag="264"><subfield code="a">Corvallis, Oregon :</subfield><subfield code="b">The Corvallis Gazette Publishing Association</subfield></datafield><datafield ind1=" " ind2=" " tag="300"><subfield code="a">1 online resource</subfield></datafield><datafield ind1=" " ind2=" " tag="310"><subfield code="a">Weekly</subfield></datafield><datafield ind1=" " ind2=" " tag="336"><subfield code="a">text</subfield><subfield code="b">txt</subfield><subfield code="2">rdacontent</subfield></datafield><datafield ind1=" " ind2=" " tag="337"><subfield code="a">computer</subfield><subfield code="b">c</subfield><subfield code="2">rdamedia</subfield></datafield><datafield ind1=" " ind2=" " tag="338"><subfield code="a">online resource</subfield><subfield code="b">cr</subfield><subfield code="2">rdacarrier</subfield></datafield><datafield ind1="1" ind2=" " tag="362"><subfield code="a">Began in 1862? Ceased in 1899.</subfield></datafield><datafield ind1=" " ind2=" " tag="500"><subfield code="a">Editors: T.B. Odeneal, &lt;1862&gt;; W.F. Boyakin, &lt;1865&gt;; W.B. Carter, &lt;1867-1880&gt;; S.L. Simpson, &lt;1870&gt;; C.H. James, &lt;1871-1873&gt;.</subfield></datafield><datafield ind1=" " ind2=" " tag="500"><subfield code="a">Publishers: T.B. Odeneal, 1862-1866; Carter &amp; Odeneal, 1866; W.B. Carter, 1866-&lt;1870&gt;, &lt;1874-1876&gt;; C.H. James, &lt;1871&gt;; James &amp; Carter, &lt;1872-1873&gt;; Corvallis Gazette Publishing Association, &lt;1877&gt;; F. M. Johnson &amp; D. Montague, &lt;December 30, 1898&gt;.</subfield></datafield><datafield ind1=" " ind2=" " tag="530"><subfield code="a">Also issued on microfilm from University of Oregon.</subfield></datafield><datafield ind1=" " ind2=" " tag="550"><subfield code="a">"The official organ of the Grand Lodge of the Independent Order of Good Templars in Oregon," &lt;1867-1872&gt;. Cf. Turnbull, G.S. Hist. of Or. newspapers.</subfield></datafield><datafield ind1=" " ind2=" " tag="580"><subfield code="a">Merged with: Oregon union (Corvallis, Or. : 1897), to form: Union Gazette (Corvallis, Or.).</subfield></datafield><datafield ind1=" " ind2=" " tag="588"><subfield code="a">Description based on: Vol. 15, no. 41 (October 11, 1878); title from masthead (Chroniclingamerica.loc.gov, viewed May 11, 2016).</subfield></datafield><datafield ind1=" " ind2=" " tag="588"><subfield code="a">Latest issue consulted: Vol. XXXV, no. 42 (December 30, 1898) (Chroniclingamerica.loc.gov, viewed May 11, 2016).</subfield></datafield><datafield ind1=" " ind2="0" tag="651"><subfield code="a">Benton County (Or.)</subfield><subfield code="v">Newspapers.</subfield></datafield><datafield ind1=" " ind2="0" tag="651"><subfield code="a">Corvallis (Or.)</subfield><subfield code="v">Newspapers.</subfield></datafield><datafield ind1=" " ind2="7" tag="651"><subfield code="a">Oregon</subfield><subfield code="z">Benton County.</subfield><subfield code="2">fast</subfield><subfield code="0">(OCoLC)fst01210431</subfield></datafield><datafield ind1=" " ind2="7" tag="651"><subfield code="a">Oregon</subfield><subfield code="z">Corvallis.</subfield><subfield code="2">fast</subfield><subfield code="0">(OCoLC)fst01205176</subfield></datafield><datafield ind1=" " ind2="7" tag="655"><subfield code="a">Newspapers.</subfield><subfield code="2">fast</subfield><subfield code="0">(OCoLC)fst01423814</subfield></datafield><datafield ind1="1" ind2=" " tag="700"><subfield code="a">Odeneal, Thomas Benton.</subfield></datafield><datafield ind1="1" ind2=" " tag="700"><subfield code="a">Boyakin, W. F.</subfield></datafield><datafield ind1="1" ind2=" " tag="700"><subfield code="a">Carter, William Browne,</subfield><subfield code="d">1831-1880.</subfield></datafield><datafield ind1="1" ind2=" " tag="700"><subfield code="a">Simpson, Sam L.,</subfield><subfield code="d">1845-1899.</subfield></datafield><datafield ind1="1" ind2=" " tag="700"><subfield code="a">James, C. H.</subfield></datafield><datafield ind1="2" ind2=" " tag="710"><subfield code="a">International Order of Good Templars.</subfield><subfield code="b">Grand Lodge of Oregon and Washington Territory.</subfield></datafield><datafield ind1=" " ind2=" " tag="752"><subfield code="a">United States</subfield><subfield code="b">Oregon</subfield><subfield code="c">Benton</subfield><subfield code="d">Corvallis.</subfield></datafield><datafield ind1="0" ind2="8" tag="776"><subfield code="i">Originally issued in print:</subfield><subfield code="t">Corvallis gazette</subfield><subfield code="x">2472-4416</subfield><subfield code="w">(DLC)sn 84022650</subfield><subfield code="w">(OCoLC)10520459</subfield></datafield><datafield ind1="1" ind2="7" tag="785"><subfield code="t">Oregon union (Corvallis, Or. : 1897)</subfield></datafield><datafield ind1="1" ind2="7" tag="785"><subfield code="t">Union gazette (Corvallis, Or.)</subfield></datafield><datafield ind1="4" ind2="0" tag="856"><subfield code="u">http://www.loc.gov/chroniclingamerica/lccn/sn84022650/issues</subfield></datafield></record>